<?xml version="1.0" encoding="UTF-8"?><collection xmlns="http://www.loc.gov/MARC21/slim"><record><leader>00454nam--2200157-i-4500</leader><controlfield tag="001">000044520</controlfield><controlfield tag="002">20161230</controlfield><controlfield tag="005">20170107165413</controlfield><controlfield tag="008">060222s1000------------r-----000-0-eng-d</controlfield><datafield ind1=" " ind2=" " tag="080"><subfield code="a">543226:546:547:62(061.3)</subfield></datafield><datafield ind1=" " ind2=" " tag="245"><subfield code="a">Thermal analysis. 4th icta. Vol.2: Organic and macromolecular chemistry earth sciences</subfield></datafield><datafield ind1=" " ind2=" " tag="260"><subfield code="a">Budapest</subfield><subfield code="b">Akad©♭miai Kiad©đ</subfield><subfield code="c">1975</subfield></datafield><datafield ind1=" " ind2=" " tag="300"><subfield code="a">XI+767 p</subfield></datafield><datafield ind1=" " ind2=" " tag="700"><subfield code="a">Buz©Łs, I</subfield></datafield><datafield ind1=" " ind2=" " tag="852"><subfield code="a">45873</subfield></datafield><datafield ind1=" " ind2=" " tag="CAT"><subfield code="a">SYS</subfield><subfield code="c">20170107</subfield><subfield code="h">165413</subfield></datafield></record></collection>